<record><leader>00000cas a2200000 a 4500</leader><controlfield tag="001">38133366</controlfield><controlfield tag="008">971226d18571857miudr n       0    0eng c</controlfield><datafield ind1=" " ind2=" " tag="010"><subfield code="a">sn 97070569 </subfield></datafield><datafield ind1=" " ind2=" " tag="040"><subfield code="a">MHN</subfield><subfield code="b">eng</subfield><subfield code="c">MHN</subfield><subfield code="d">OCL</subfield><subfield code="d">OCLCQ</subfield><subfield code="d">OCLCF</subfield><subfield code="d">OCLCO</subfield></datafield><datafield ind1="1" ind2=" " tag="029"><subfield code="a">AU@</subfield><subfield code="b">000013708323</subfield></datafield><datafield ind1=" " ind2=" " tag="042"><subfield code="a">pcc</subfield></datafield><datafield ind1=" " ind2=" " tag="043"><subfield code="a">n-us-mi</subfield></datafield><datafield ind1="0" ind2="0" tag="245"><subfield code="a">Bark Shanty times.</subfield></datafield><datafield ind1="3" ind2=" " tag="246"><subfield code="a">Bark Shanty daily times</subfield></datafield><datafield ind1=" " ind2=" " tag="260"><subfield code="a">Bark Shanty [Mich. :</subfield><subfield code="b">Uri Raymond]</subfield></datafield><datafield ind1=" " ind2=" " tag="300"><subfield code="a">v.</subfield></datafield><datafield ind1=" " ind2=" " tag="310"><subfield code="a">Daily</subfield></datafield><datafield ind1="0" ind2=" " tag="362"><subfield code="a">Feb. 14-May 15, 1857.</subfield></datafield><datafield ind1=" " ind2=" " tag="500"><subfield code="a">Bark Shanty renamed Port Sanilac, Aug. 4, 1857. Cf. Romig, Walter. Michigan place names.</subfield></datafield><datafield ind1=" " ind2=" " tag="500"><subfield code="a">Manuscript newspaper edited by Uri Raymond and posted in his general store. Not issued or dated consistently.</subfield></datafield><datafield ind1=" " ind2="0" tag="651"><subfield code="a">Port Sanilac (Mich.)</subfield><subfield code="v">Newspapers.</subfield></datafield><datafield ind1=" " ind2="0" tag="651"><subfield code="a">Sanilac County (Mich.)</subfield><subfield code="v">Newspapers.</subfield></datafield><datafield ind1=" " ind2="7" tag="655"><subfield code="a">Newspapers.</subfield><subfield code="2">fast</subfield><subfield code="0">(OCoLC)fst01423814</subfield></datafield><datafield ind1=" " ind2="7" tag="651"><subfield code="a">Michigan</subfield><subfield code="z">Port Sanilac.</subfield><subfield code="2">fast</subfield><subfield code="0">(OCoLC)fst01880178</subfield></datafield><datafield ind1=" " ind2="7" tag="651"><subfield code="a">Michigan</subfield><subfield code="z">Sanilac County.</subfield><subfield code="2">fast</subfield><subfield code="0">(OCoLC)fst01214743</subfield></datafield><datafield ind1=" " ind2=" " tag="752"><subfield code="a">United States</subfield><subfield code="b">Michigan</subfield><subfield code="c">Sanilac</subfield><subfield code="d">Port Sanilac.</subfield></datafield><datafield ind1=" " ind2=" " tag="752"><subfield code="a">United States</subfield><subfield code="b">Michigan</subfield><subfield code="c">Sanilac</subfield><subfield code="d">Bark Shanty.</subfield></datafield><datafield ind1="0" ind2="0" tag="785"><subfield code="t">Port Sanilac times</subfield><subfield code="w">(DLC)sn 97070572</subfield><subfield code="w">(OCoLC)38133376</subfield></datafield></record>